<record><leader>00000cas a22000007a 4500</leader><controlfield tag="001">15260455</controlfield><controlfield tag="008">870303d193419uupauwr ne      0    0eng d</controlfield><datafield ind1=" " ind2=" " tag="010"><subfield code="a">sn 87078112 </subfield></datafield><datafield ind1=" " ind2=" " tag="040"><subfield code="a">NPH</subfield><subfield code="b">eng</subfield><subfield code="c">NPH</subfield><subfield code="d">OCLCQ</subfield></datafield><datafield ind1=" " ind2=" " tag="042"><subfield code="a">msc</subfield></datafield><datafield ind1="0" ind2="0" tag="245"><subfield code="a">Johnstown bulletin.</subfield></datafield><datafield ind1=" " ind2=" " tag="260"><subfield code="a">[Johnstown, Pa.] :</subfield><subfield code="b">Johnstown Bulletin Co.,</subfield><subfield code="c">1934-</subfield></datafield><datafield ind1=" " ind2=" " tag="300"><subfield code="a">v. :</subfield><subfield code="b">ill. ;</subfield><subfield code="c">58 cm.</subfield></datafield><datafield ind1=" " ind2=" " tag="310"><subfield code="a">Weekly</subfield></datafield><datafield ind1="0" ind2=" " tag="362"><subfield code="a">Vol. 1, no. 1 (Aug. 28, 1934)-</subfield></datafield><datafield ind1=" " ind2=" " tag="500"><subfield code="a">Published Tuesdays.</subfield></datafield><datafield ind1=" " ind2=" " tag="500"><subfield code="a">Editor: Dean Williams, &lt;1934&gt;.</subfield></datafield><datafield ind1=" " ind2=" " tag="752"><subfield code="a">United States</subfield><subfield code="b">Pennsylvania</subfield><subfield code="c">Cambria</subfield><subfield code="d">Johnstown.</subfield></datafield><datafield ind1="1" ind2=" " tag="029"><subfield code="a">AU@</subfield><subfield code="b">000025804268</subfield></datafield></record>